<?xml version="1.0" encoding="UTF-8"?><collection xmlns="http://www.loc.gov/MARC21/slim"><record><leader>00308nam--2200121-i-4500</leader><controlfield tag="001">000045463</controlfield><controlfield tag="002">20161230</controlfield><controlfield tag="005">20161230201045</controlfield><controlfield tag="008">060222s1000------------r-----000-0-eng-d</controlfield><datafield ind1=" " ind2=" " tag="080"><subfield code="a">66</subfield></datafield><datafield ind1=" " ind2=" " tag="245"><subfield code="a">Tehnologia fontei. manualul lucratorului la furnal</subfield></datafield><datafield ind1=" " ind2=" " tag="260"><subfield code="a">Bucuresti, Ed.Tehnica, 1951. 271 P</subfield></datafield><datafield ind1=" " ind2=" " tag="852"><subfield code="a">26412</subfield></datafield></record></collection>